<collection>
<record>
<leader>06512cpcaa22008297i 4500</leader>
<controlfield tag="001">19969359</controlfield>
<controlfield tag="005">20221020131100.0</controlfield>
<controlfield tag="008">170829i19602015xx eng </controlfield>
<datafield ind1=" " ind2=" " tag="906">
<subfield code="a">7</subfield>
<subfield code="b">cbc</subfield>
<subfield code="c">orignew</subfield>
<subfield code="d">u</subfield>
<subfield code="e">ncip</subfield>
<subfield code="f">20</subfield>
<subfield code="g">y-folklife</subfield>
</datafield>
<datafield ind1=" " ind2=" " tag="955">
<subfield code="a">mkru 2017-08-29</subfield>
<subfield code="a">mseg 2017-09-01</subfield>
<subfield code="a">mkru 2017-09-12</subfield>
<subfield code="a">mkru 2017-12-14</subfield>
<subfield code="a">mkru 2018-01-04</subfield>
<subfield code="a">mkru 2018-01-05</subfield>
<subfield code="a">mkru 2018-01-10</subfield>
</datafield>
<datafield ind1=" " ind2=" " tag="010">
<subfield code="a"> 2017655335</subfield>
</datafield>
<datafield ind1=" " ind2=" " tag="040">
<subfield code="a">DLC</subfield>
<subfield code="b">eng</subfield>
<subfield code="e">dacs</subfield>
<subfield code="c">DLC</subfield>
<subfield code="d">DLC</subfield>
</datafield>
<datafield ind1=" " ind2=" " tag="043">
<subfield code="a">n-us---</subfield>
<subfield code="a">n-us-ca</subfield>
<subfield code="a">n-us-ma</subfield>
</datafield>
<datafield ind1=" " ind2=" " tag="090">
<subfield code="a">AFC 2016/048</subfield>
</datafield>
<datafield ind1="0" ind2="0" tag="245">
<subfield code="a">Earl Crabb collection,</subfield>
<subfield code="f">circa 1960-2015</subfield>
<subfield code="g">(bulk 1960s-1970s).</subfield>
</datafield>
<datafield ind1=" " ind2="0" tag="264">
<subfield code="c">1960-2015.</subfield>
</datafield>
<datafield ind1=" " ind2=" " tag="300">
<subfield code="a">6175</subfield>
<subfield code="f">items;</subfield>
<subfield code="a">20</subfield>
<subfield code="f">containers.</subfield>
</datafield>
<datafield ind1=" " ind2=" " tag="300">
<subfield code="3">sound recordings</subfield>
<subfield code="a">55 sound tape reels :</subfield>
<subfield code="b">analog ;</subfield>
<subfield code="c">7 in.</subfield>
</datafield>
<datafield ind1=" " ind2=" " tag="300">
<subfield code="3">sound recordings</subfield>
<subfield code="a">5 sound tape reels :</subfield>
<subfield code="b">analog ;</subfield>
<subfield code="c">5 in.</subfield>
</datafield>
<datafield ind1=" " ind2=" " tag="300">
<subfield code="3">sound recordings</subfield>
<subfield code="a">1 sound tape reel :</subfield>
<subfield code="b">analog ;</subfield>
<subfield code="c">4 in.</subfield>
</datafield>
<datafield ind1=" " ind2=" " tag="300">
<subfield code="3">sound recordings</subfield>
<subfield code="a">1 sound tape reel :</subfield>
<subfield code="b">analog ;</subfield>
<subfield code="c">3 in.</subfield>
</datafield>
<datafield ind1=" " ind2=" " tag="300">
<subfield code="3">sound recordings</subfield>
<subfield code="a">1 sound cassette :</subfield>
<subfield code="b">analog.</subfield>
</datafield>
<datafield ind1=" " ind2=" " tag="300">
<subfield code="3">graphic images</subfield>
<subfield code="a">approximately 2000 photographs :</subfield>
<subfield code="b">
film, negatives, black and white, color and color transparencies;
</subfield>
<subfield code="c">various sizes.</subfield>
</datafield>
<datafield ind1=" " ind2=" " tag="300">
<subfield code="3">graphic images</subfield>
<subfield code="a">contact sheets :</subfield>
<subfield code="b">black and white.</subfield>
</datafield>
<datafield ind1=" " ind2=" " tag="300">
<subfield code="3">graphic images</subfield>
<subfield code="a">11 binders of photographic prints :</subfield>
<subfield code="b">black and white ;</subfield>
<subfield code="c">8 x 10 in.</subfield>
</datafield>
<datafield ind1=" " ind2=" " tag="300">
<subfield code="3">graphic images</subfield>
<subfield code="a">
approximately 235 photographic prints, some matted :
</subfield>
<subfield code="b">black and white, color ;</subfield>
<subfield code="c">4 x 5 in. to 20 x 24 in.</subfield>
</datafield>
<datafield ind1=" " ind2=" " tag="300">
<subfield code="3">graphic images</subfield>
<subfield code="a">
approximately 25 posters, drawings, and brush and ink artworks.
</subfield>
</datafield>
<datafield ind1=" " ind2=" " tag="300">
<subfield code="a">1 mini data cartridge (3M 2120)</subfield>
</datafield>
<datafield ind1=" " ind2=" " tag="300">
<subfield code="3">manuscripts</subfield>
<subfield code="a">approximately 24</subfield>
<subfield code="f">linear inches.</subfield>
</datafield>
<datafield ind1=" " ind2=" " tag="520">
<subfield code="a">
Collection of photographs, audio recordings, ephemera, flyers, and programs which document the east and west coast folk and rock music scenes during the 1960s and 1970s including the Sky River Rock Festival, the Indian Neck Folk Festival, and various concerts. Photographs represent Earl Crabb's documentation of music events and his studio work. Earl Crabb photographed weight-lifting, fashion, album and magazine covers, circus performers, theater events, as well as people, markets, cities, and events in countries around the world. Ephemera includes flyers from folk clubs such as Cafe Yana in Boston, Massachusetts; Club 47 in Cambridge, Massachusetts; and the Freight and Salvage coffeehouse in Berkeley, California. Collection includes editions of Broadside magazine, Hootenanny, and the Philadelphia Folksong Society's Tune Up, which advertised these events. Of special interest are photographs from the Sky River Rock Festival, 1968-1970, in Washington State, and early editions of "Humbead's Revised Map of the World" produced in Berkeley, California. Sixty-two audio recordings in the collection, made during the 1960s and 1970s, include concert and coffeehouse performances by the Cleanliness and Godliness Skiffle Band, Wayne Smith and Ry Cooder, Tom Danaher, Dave and Megan Marash, Styx River Ferry, Hank Bradley, Ace Martel, Erik Frandsen, Jim and Jesse McReynolds; a recording of author Joseph Campbell, and others; some recordings are unidentified.
</subfield>
</datafield>
<datafield ind1="8" ind2=" " tag="524">
<subfield code="a">
Earl Crabb collection (AFC 2016/048), Archive of Folk Culture, American Folklife Center, Library of Congress, Washington, D.C.
</subfield>
</datafield>
<datafield ind1="0" ind2=" " tag="506">
<subfield code="a">
Collection is open for research. Access to recordings may be restricted. To request materials, please contact the Folklife Reading Room at https://hdl.loc.gov/loc.afc/folklife.contact
</subfield>
</datafield>
<datafield ind1=" " ind2=" " tag="540">
<subfield code="a">
Duplication of collection materials may be governed by copyright and other restrictions.
</subfield>
</datafield>
<datafield ind1=" " ind2=" " tag="541">
<subfield code="a">Cindy Crabb, Giselle Shepatin;</subfield>
<subfield code="c">Donation;</subfield>
<subfield code="d">2016, 2017.</subfield>
</datafield>
<datafield ind1=" " ind2=" " tag="545">
<subfield code="a">
Earl Crabb, photographer, computer programmer, entrepreneur. He designed on-line-banking programs for Bank of America, the first touch screen program for a Canadian tourist bureau, bank security, and investment software for financial institutions. He was involved in the 1960s traditional and folk music scene as a producer, photographer, and organizer. From 1968 until his death, he was owner of Humbead Enterprises, creating and publishing posters (including, with Rick Shubb, "Humbead's Revised Map of the World," "El Hashish," and "Edantodreamia"). In addition he worked as an actor, an artist (under a pseudonym), and as a sound engineer, claiming to be the first person to record Bob Dylan in front of an audience. He provided support to such artistic endeavors as the San Francisco Mime Troupe and the Pickle Family Circle, as well as other performers and artists. He majored in economics at Williams College from 1959-1964. Born September 6, 1941 in Le Sueur, Minnesota; he died February 20, 2015 in San Francisco, California.
</subfield>
</datafield>
<datafield ind1=" " ind2=" " tag="546">
<subfield code="a">In English.</subfield>
</datafield>
<datafield ind1="0" ind2=" " tag="555">
<subfield code="a">
Finding aid is available in the Folklife Reading Room and online
</subfield>
<subfield code="u">https://hdl.loc.gov/loc.afc/eadafc.af017007</subfield>
</datafield>
<datafield ind1="1" ind2="0" tag="600">
<subfield code="a">Crabb, Earl,</subfield>
<subfield code="d">1941-2015.</subfield>
</datafield>
<datafield ind1="2" ind2="0" tag="611">
<subfield code="a">Sky River Rock Festival.</subfield>
</datafield>
<datafield ind1=" " ind2="0" tag="650">
<subfield code="a">Folk music</subfield>
<subfield code="z">United States.</subfield>
</datafield>
<datafield ind1=" " ind2="0" tag="650">
<subfield code="a">Rock music</subfield>
<subfield code="z">West (U.S.)</subfield>
</datafield>
<datafield ind1=" " ind2="0" tag="650">
<subfield code="a">Popular music,</subfield>
<subfield code="y">1961-1970.</subfield>
</datafield>
<datafield ind1=" " ind2="0" tag="650">
<subfield code="a">Folk musicians</subfield>
<subfield code="v">Photographs.</subfield>
</datafield>
<datafield ind1=" " ind2="0" tag="650">
<subfield code="a">Rock musicians</subfield>
<subfield code="v">Photographs.</subfield>
</datafield>
<datafield ind1=" " ind2="0" tag="650">
<subfield code="a">Folk music festivals</subfield>
<subfield code="v">Photographs.</subfield>
</datafield>
<datafield ind1=" " ind2="0" tag="650">
<subfield code="a">Rock music festivals</subfield>
<subfield code="z">Washington (State)</subfield>
<subfield code="v">Photographs.</subfield>
</datafield>
<datafield ind1=" " ind2="0" tag="650">
<subfield code="a">Coffeehouses</subfield>
<subfield code="z">Massachusetts</subfield>
<subfield code="y">20th century.</subfield>
</datafield>
<datafield ind1=" " ind2="0" tag="650">
<subfield code="a">Coffeehouses</subfield>
<subfield code="z">California</subfield>
<subfield code="y">20th century.</subfield>
</datafield>
<datafield ind1=" " ind2="0" tag="650">
<subfield code="a">Documentary photography.</subfield>
</datafield>
<datafield ind1=" " ind2="0" tag="651">
<subfield code="a">Berkeley (Calif.)</subfield>
</datafield>
<datafield ind1=" " ind2="7" tag="655">
<subfield code="a">Sound recordings.</subfield>
<subfield code="2">lcgft</subfield>
</datafield>
<datafield ind1=" " ind2="7" tag="655">
<subfield code="a">Photographs.</subfield>
<subfield code="2">aat</subfield>
</datafield>
<datafield ind1=" " ind2="7" tag="655">
<subfield code="a">Correspondence.</subfield>
<subfield code="2">aat</subfield>
</datafield>
<datafield ind1=" " ind2="7" tag="655">
<subfield code="a">Ephemera.</subfield>
<subfield code="2">lcgft</subfield>
</datafield>
<datafield ind1=" " ind2="7" tag="655">
<subfield code="a">Posters.</subfield>
<subfield code="2">lcgft</subfield>
</datafield>
<datafield ind1=" " ind2="7" tag="655">
<subfield code="a">Programs.</subfield>
<subfield code="2">lcgft</subfield>
</datafield>
<datafield ind1=" " ind2="7" tag="655">
<subfield code="a">Concerts.</subfield>
<subfield code="2">aat</subfield>
</datafield>
<datafield ind1="1" ind2=" " tag="700">
<subfield code="a">Crabb, Earl,</subfield>
<subfield code="d">1941-2015,</subfield>
<subfield code="e">collector.</subfield>
</datafield>
<datafield ind1="1" ind2=" " tag="700">
<subfield code="a">Bradley, Hank</subfield>
<subfield code="c">(Fiddler)</subfield>
</datafield>
<datafield ind1="1" ind2=" " tag="700">
<subfield code="a">Cooder, Ry,</subfield>
<subfield code="e">performer.</subfield>
</datafield>
<datafield ind1="1" ind2=" " tag="700">
<subfield code="a">Danaher, Thomas J.,</subfield>
<subfield code="e">performer.</subfield>
</datafield>
<datafield ind1="1" ind2=" " tag="700">
<subfield code="a">Frandsen, Erik,</subfield>
<subfield code="d">1946-</subfield>
<subfield code="e">performer.</subfield>
</datafield>
<datafield ind1="1" ind2=" " tag="700">
<subfield code="a">Marash, Dave,</subfield>
<subfield code="e">performer.</subfield>
</datafield>
<datafield ind1="1" ind2=" " tag="700">
<subfield code="a">Marash, Megan,</subfield>
<subfield code="e">performer.</subfield>
</datafield>
<datafield ind1="1" ind2=" " tag="700">
<subfield code="a">Campbell, Joseph,</subfield>
<subfield code="d">1904-1987,</subfield>
<subfield code="e">speaker.</subfield>
</datafield>
<datafield ind1="2" ind2=" " tag="710">
<subfield code="a">Cleanliness and Godliness Skiffle Band,</subfield>
<subfield code="e">performer.</subfield>
</datafield>
<datafield ind1="2" ind2=" " tag="710">
<subfield code="a">Jim and Jesse,</subfield>
<subfield code="e">performer.</subfield>
</datafield>
<datafield ind1="2" ind2=" " tag="710">
<subfield code="a">Humbead Enterprises.</subfield>
</datafield>
<datafield ind1=" " ind2=" " tag="852">
<subfield code="a">Library of Congress</subfield>
<subfield code="b">Archive of Folk Culture, American Folklife Center,</subfield>
<subfield code="e">
101 Independence Ave. S.E., Washington, DC USA 20540-4610
</subfield>
<subfield code="u">https://hdl.loc.gov/loc.afc/folklife.home</subfield>
</datafield>
<datafield ind1="4" ind2="2" tag="856">
<subfield code="3">Finding aid</subfield>
<subfield code="u">https://hdl.loc.gov/loc.afc/eadafc.af017007</subfield>
</datafield>
<datafield ind1=" " ind2=" " tag="985">
<subfield code="a">afc/coll</subfield>
</datafield>
<datafield ind1=" " ind2=" " tag="985">
<subfield code="a">afc/ead</subfield>
</datafield>
</record>
</collection>